<record><leader>00000cas a2200000 a 4500</leader><controlfield tag="001">11912497</controlfield><controlfield tag="008">850412d18251828ohuwr ne      0    0eng c</controlfield><datafield ind1=" " ind2=" " tag="010"><subfield code="a">sn 85038196 </subfield></datafield><datafield ind1=" " ind2=" " tag="040"><subfield code="a">NPY</subfield><subfield code="b">eng</subfield><subfield code="c">NPY</subfield><subfield code="d">NPX</subfield><subfield code="d">DLC</subfield><subfield code="d">ONP</subfield><subfield code="d">NVK</subfield><subfield code="d">OCL</subfield><subfield code="d">NVF</subfield><subfield code="d">OCLCQ</subfield><subfield code="d">DLC</subfield><subfield code="d">OCLCQ</subfield><subfield code="d">OCLCF</subfield><subfield code="d">OCLCO</subfield></datafield><datafield ind1="1" ind2=" " tag="029"><subfield code="a">AU@</subfield><subfield code="b">000020125279</subfield></datafield><datafield ind1=" " ind2=" " tag="042"><subfield code="a">pcc</subfield></datafield><datafield ind1=" " ind2=" " tag="043"><subfield code="a">n-us-oh</subfield></datafield><datafield ind1="0" ind2="0" tag="050"><subfield code="a">Newspaper 9312</subfield></datafield><datafield ind1="0" ind2=" " tag="130"><subfield code="a">Western star and Lebanon gazette (Lebanon, Warren County, Ohio : 1825)</subfield></datafield><datafield ind1="1" ind2="4" tag="245"><subfield code="a">The Western star and Lebanon gazette.</subfield></datafield><datafield ind1=" " ind2=" " tag="260"><subfield code="a">Lebanon, Ohio :</subfield><subfield code="b">[Dunlavy, Camron &amp; Sellers],</subfield><subfield code="c">1825-1828.</subfield></datafield><datafield ind1=" " ind2=" " tag="300"><subfield code="a">v.</subfield></datafield><datafield ind1=" " ind2=" " tag="310"><subfield code="a">Weekly</subfield></datafield><datafield ind1="0" ind2=" " tag="362"><subfield code="a">New ser., v. 4, no. 6 (Sept. 13, 1825)-new ser., v. 6, no. 52 (July 26, 1828) = whole no. 237-whole no. 382.</subfield></datafield><datafield ind1=" " ind2=" " tag="500"><subfield code="a">Publishers: Dunlavy, Camron &amp; Sellers, 1825-1827; Camron, Morris &amp; Co., 1827-1828.</subfield></datafield><datafield ind1=" " ind2=" " tag="525"><subfield code="a">Has occasional supplements.</subfield></datafield><datafield ind1=" " ind2="0" tag="651"><subfield code="a">Lebanon (Warren County, Ohio : Civil jurisdiction)</subfield><subfield code="v">Newspapers.</subfield></datafield><datafield ind1=" " ind2="7" tag="655"><subfield code="a">Newspapers.</subfield><subfield code="2">fast</subfield><subfield code="0">(OCoLC)fst01423814</subfield></datafield><datafield ind1=" " ind2="7" tag="651"><subfield code="a">Ohio</subfield><subfield code="z">Lebanon (Warren County : Civil jurisdiction)</subfield><subfield code="2">fast</subfield><subfield code="0">(OCoLC)fst01754244</subfield></datafield><datafield ind1="1" ind2=" " tag="700"><subfield code="a">Dunlavy, A. H.</subfield></datafield><datafield ind1="1" ind2=" " tag="700"><subfield code="a">Camron, William A.</subfield></datafield><datafield ind1="1" ind2=" " tag="700"><subfield code="a">Morris, Jacob.</subfield></datafield><datafield ind1=" " ind2=" " tag="752"><subfield code="a">United States</subfield><subfield code="b">Ohio</subfield><subfield code="c">Warren</subfield><subfield code="d">Lebanon.</subfield></datafield><datafield ind1="0" ind2="0" tag="780"><subfield code="t">Star &amp; gazette</subfield><subfield code="w">(DLC)sn 85038195</subfield></datafield><datafield ind1="0" ind2="5" tag="780"><subfield code="t">Spirit of freedom</subfield><subfield code="g">Sept. 13, 1825</subfield></datafield><datafield ind1="0" ind2="0" tag="785"><subfield code="t">Western star (Lebanon, Warren County, Ohio : 1828)</subfield><subfield code="w">(DLC)sn 85038197</subfield><subfield code="w">(OCoLC)11912515</subfield></datafield></record>